<?xml version="1.0" encoding="UTF-8"?><collection xmlns="http://www.loc.gov/MARC21/slim"><record><leader>00408nam--2200133-i-4500</leader><controlfield tag="001">000003689</controlfield><controlfield tag="002">20161230</controlfield><controlfield tag="005">20161230201025</controlfield><controlfield tag="008">060222s1000------------r-----000-0-eng-d</controlfield><datafield ind1=" " ind2=" " tag="100"><subfield code="a">Barrow, R.F./S.A.</subfield></datafield><datafield ind1=" " ind2=" " tag="245"><subfield code="a">Atlas des longueurs d ondes caracteristiques des bandes d emission et d absorption des molecules diatomiques</subfield></datafield><datafield ind1=" " ind2=" " tag="260"><subfield code="a">Paris, Herman, 1952 389 P</subfield></datafield><datafield ind1=" " ind2=" " tag="490"><subfield code="a">Table De Constantes</subfield></datafield><datafield ind1=" " ind2=" " tag="852"><subfield code="a">10934</subfield></datafield></record></collection>